@article{hinton2006reducing,
  title={Reducing the dimensionality of data with neural networks},
  author={Hinton, Geoffrey E and Salakhutdinov, Ruslan R},
  journal={science},
  volume={313},
  number={5786},
  pages={504--507},
  year={2006},
  publisher={American Association for the Advancement of Science}
}

@article{kingma2013auto,
	title={Auto-encoding variational bayes},
	author={Kingma, Diederik P and Welling, Max},
	journal={arXiv preprint arXiv:1312.6114},
	year={2013}
	
}


@inproceedings{eslami2016attend,
	title={Attend, infer, repeat: Fast scene understanding with generative models},
	author={Eslami, SM Ali and Heess, Nicolas and Weber, Theophane and Tassa, Yuval and Szepesvari, David and Hinton, Geoffrey E and others},
	booktitle={Advances in Neural Information Processing Systems},
	pages={3225--3233},
	year={2016}
}

@article{pignat2019bayesian,
	title={Bayesian Gaussian mixture model for robotic policy imitation},
	author={Pignat, Emmanuel and Calinon, Sylvain},
	journal={IEEE Robotics and Automation Letters},
	volume={4},
	number={4},
	pages={4452--4458},
	year={2019},
	publisher={IEEE}
}

@article{zhang2016robot,
	title={Robot obstacle avoidance learning based on mixture models},
	author={Zhang, Huiwen and Han, Xiaoning and Fu, Mingliang and Zhou, Weijia},
	journal={Journal of Robotics},
	volume={2016},
	year={2016},
	publisher={Hindawi}
}
@inproceedings{reiley2010motion,
	title={Motion generation of robotic surgical tasks: Learning from expert demonstrations},
	author={Reiley, Carol E and Plaku, Erion and Hager, Gregory D},
	booktitle={2010 Annual international conference of the IEEE engineering in medicine and biology},
	pages={967--970},
	year={2010},
	organization={IEEE}
}

@inproceedings{finn2016deep,
	title={Deep spatial autoencoders for visuomotor learning},
	author={Finn, Chelsea and Tan, Xin Yu and Duan, Yan and Darrell, Trevor and Levine, Sergey and Abbeel, Pieter},
	booktitle={2016 IEEE International Conference on Robotics and Automation (ICRA)},
	pages={512--519},
	year={2016},
	organization={IEEE}
}